@article{friedman1997bayesian,
  title={Bayesian network classifiers},
  author={Friedman, Nir and Geiger, Dan and Goldszmidt, Moises},
  journal={Machine learning},
  volume={29},
  number={2-3},
  pages={131--163},
  year={1997},
  publisher={Springer}
}

@article{cooper1992bayesian,
  title={A Bayesian method for the induction of probabilistic networks from data},
  author={Cooper, Gregory F and Herskovits, Edward},
  journal={Machine learning},
  volume={9},
  number={4},
  pages={309--347},
  year={1992},
  publisher={Springer}
}

@techreport{odersky2004overview,
  title={An overview of the Scala programming language},
  author={Odersky, Martin and Altherr, Philippe and Cremet, Vincent and Emir, Burak and Maneth, Sebastian and Micheloud, St{\'e}phane and Mihaylov, Nikolay and Schinz, Michel and Stenman, Erik and Zenger, Matthias},
  year={2004},
  institution={Citeseer}
}

@inproceedings{tisue2004netlogo,
  title={NetLogo: Design and implementation of a multi-agent modeling environment},
  author={Tisue, Seth and Wilensky, Uri},
  booktitle={Proceedings of Agent},
  volume={2004},
  pages={7--9},
  year={2004}
}